<?xml version="1.0" encoding="UTF-8"?><collection xmlns="http://www.loc.gov/MARC21/slim"><record><leader>00298nam--2200121-i-4500</leader><controlfield tag="001">000021300</controlfield><controlfield tag="002">20161230</controlfield><controlfield tag="005">20161230201034</controlfield><controlfield tag="008">060222s1000------------r-----000-0-eng-d</controlfield><datafield ind1=" " ind2=" " tag="100"><subfield code="a">Evans, Ralph</subfield></datafield><datafield ind1=" " ind2=" " tag="245"><subfield code="a">An introduction to color</subfield></datafield><datafield ind1=" " ind2=" " tag="260"><subfield code="a">New York, J.Wiley, 1948.Ix + 340p. + 15pl</subfield></datafield><datafield ind1=" " ind2=" " tag="852"><subfield code="a">1126</subfield></datafield></record></collection>